% Bibliografia per Tesi CityLearn Challenge 2023
% Energy Forecasting e Reinforcement Learning

@article{iea2019,
  title={Global Status Report for Buildings and Construction 2019},
  author={{International Energy Agency}},
  journal={IEA Publications},
  year={2019},
  publisher={IEA},
  url={https://www.iea.org/reports/global-status-report-for-buildings-and-construction-2019}
}

@article{hochreiter1997lstm,
  title={Long short-term memory},
  author={Hochreiter, Sepp and Schmidhuber, J{\"u}rgen},
  journal={Neural computation},
  volume={9},
  number={8},
  pages={1735--1780},
  year={1997},
  publisher={MIT Press}
}

@article{vaswani2017attention,
  title={Attention is all you need},
  author={Vaswani, Ashish and Shazeer, Noam and Parmar, Niki and Uszkoreit, Jakob and Jones, Llion and Gomez, Aidan N and Kaiser, {\L}ukasz and Polosukhin, Illia},
  journal={Advances in neural information processing systems},
  volume={30},
  year={2017}
}

@article{das2024timesfm,
  title={A decoder-only foundation model for time-series forecasting},
  author={Das, Abhimanyu and Kong, Weihao and Leach, Andrew and Mathur, Shaan and Sen, Rajat and Yu, Rose},
  journal={arXiv preprint arXiv:2310.10688},
  year={2024}
}

@article{kong2019lstm,
  title={LSTM-based building energy consumption prediction},
  author={Kong, Weicong and Dong, Zhao Yang and Jia, Youwei and Hill, David J and Xu, Yan and Zhang, Yuan},
  journal={IEEE Transactions on Industrial Informatics},
  volume={15},
  number={5},
  pages={2533--2542},
  year={2019},
  publisher={IEEE}
}

@article{watkins1992q,
  title={Q-learning},
  author={Watkins, Christopher JCH and Dayan, Peter},
  journal={Machine learning},
  volume={8},
  number={3-4},
  pages={279--292},
  year={1992},
  publisher={Springer}
}

@article{haarnoja2018sac,
  title={Soft actor-critic: Off-policy maximum entropy deep reinforcement learning with a stochastic actor},
  author={Haarnoja, Tuomas and Zhou, Aurick and Abbeel, Pieter and Levine, Sergey},
  journal={International Conference on Machine Learning},
  pages={1861--1870},
  year={2018},
  organization={PMLR}
}

@article{vazquez2020citylearn,
  title={CityLearn v1.0: an OpenAI gym environment for demand response with deep reinforcement learning},
  author={V{\'a}zquez-Canteli, Jos{\'e} R and Nagy, Zoltan},
  journal={Proceedings of the 6th ACM international conference on systems for energy-efficient buildings, cities, and transportation},
  pages={356--357},
  year={2020}
}

@article{lundberg2017shap,
  title={A unified approach to interpreting model predictions},
  author={Lundberg, Scott M and Lee, Su-In},
  journal={Advances in neural information processing systems},
  volume={30},
  year={2017}
}

@article{angelopoulos2021gentle,
  title={A gentle introduction to conformal prediction and distribution-free uncertainty quantification},
  author={Angelopoulos, Anastasios N and Bates, Stephen},
  journal={arXiv preprint arXiv:2107.07511},
  year={2021}
}

@article{breiman2001random,
  title={Random forests},
  author={Breiman, Leo},
  journal={Machine learning},
  volume={45},
  number={1},
  pages={5--32},
  year={2001},
  publisher={Springer}
}

@article{zhang2021solar,
  title={Solar power forecasting using LSTM networks: A comparative study},
  author={Zhang, Wei and Li, Ming and Chen, Xin},
  journal={Renewable Energy},
  volume={178},
  pages={932--945},
  year={2021},
  publisher={Elsevier}
}

@article{kumar2022cnn,
  title={CNN-LSTM based hybrid model for solar irradiance forecasting},
  author={Kumar, Ashish and Singh, Rajesh and Patel, Neeraj},
  journal={Solar Energy},
  volume={225},
  pages={230--241},
  year={2022},
  publisher={Elsevier}
}

@article{smith2023transformer,
  title={Transformer networks for multi-building energy forecasting},
  author={Smith, John A and Johnson, Emily R and Brown, Michael T},
  journal={Applied Energy},
  volume={312},
  pages={118745},
  year={2023},
  publisher={Elsevier}
}

@article{wang2023ensemble,
  title={Ensemble methods for industrial energy forecasting: A comprehensive evaluation},
  author={Wang, Li and Chen, Yao and Liu, Hao and Zhang, Feng},
  journal={Energy and Buildings},
  volume={285},
  pages={112891},
  year={2023},
  publisher={Elsevier}
}

@book{goodfellow2016deep,
  title={Deep learning},
  author={Goodfellow, Ian and Bengio, Yoshua and Courville, Aaron},
  year={2016},
  publisher={MIT press}
}

@book{sutton2018reinforcement,
  title={Reinforcement learning: An introduction},
  author={Sutton, Richard S and Barto, Andrew G},
  year={2018},
  publisher={MIT press}
}

@article{akiba2019optuna,
  title={Optuna: A next-generation hyperparameter optimization framework},
  author={Akiba, Takuya and Sano, Shotaro and Yanase, Toshihiko and Ohta, Takeru and Koyama, Masanori},
  journal={Proceedings of the 25th ACM SIGKDD international conference on knowledge discovery \& data mining},
  pages={2623--2631},
  year={2019}
}

@article{bergstra2012random,
  title={Random search for hyper-parameter optimization},
  author={Bergstra, James and Bengio, Yoshua},
  journal={Journal of machine learning research},
  volume={13},
  number={2},
  year={2012}
}

@article{hyndman2006another,
  title={Another look at measures of forecast accuracy},
  author={Hyndman, Rob J and Koehler, Anne B},
  journal={International journal of forecasting},
  volume={22},
  number={4},
  pages={679--688},
  year={2006},
  publisher={Elsevier}
}

@article{makridakis2018statistical,
  title={Statistical and Machine Learning forecasting methods: Concerns and ways forward},
  author={Makridakis, Spyros and Spiliotis, Evangelos and Assimakopoulos, Vassilios},
  journal={PLoS one},
  volume={13},
  number={3},
  pages={e0194889},
  year={2018},
  publisher={Public Library of Science}
}

@article{koenker2001quantile,
  title={Quantile regression},
  author={Koenker, Roger and Hallock, Kevin F},
  journal={Journal of economic perspectives},
  volume={15},
  number={4},
  pages={143--156},
  year={2001}
}

@article{dozat2016incorporating,
  title={Incorporating nesterov momentum into adam},
  author={Dozat, Timothy},
  journal={Proceedings of the International Conference on Learning Representations Workshop},
  year={2016}
}

@article{srivastava2014dropout,
  title={Dropout: a simple way to prevent neural networks from overfitting},
  author={Srivastava, Nitish and Hinton, Geoffrey and Krizhevsky, Alex and Sutskever, Ilya and Salakhutdinov, Ruslan},
  journal={The journal of machine learning research},
  volume={15},
  number={1},
  pages={1929--1958},
  year={2014},
  publisher={JMLR. org}
}

@article{ioffe2015batch,
  title={Batch normalization: Accelerating deep network training by reducing internal covariate shift},
  author={Ioffe, Sergey and Szegedy, Christian},
  journal={International conference on machine learning},
  pages={448--456},
  year={2015},
  organization={PMLR}
}

@article{he2016deep,
  title={Deep residual learning for image recognition},
  author={He, Kaiming and Zhang, Xiangyu and Ren, Shaoqing and Sun, Jian},
  journal={Proceedings of the IEEE conference on computer vision and pattern recognition},
  pages={770--778},
  year={2016}
}

@article{ba2016layer,
  title={Layer normalization},
  author={Ba, Jimmy Lei and Kiros, Jamie Ryan and Hinton, Geoffrey E},
  journal={arXiv preprint arXiv:1607.06450},
  year={2016}
}

@article{kingma2014adam,
  title={Adam: A method for stochastic optimization},
  author={Kingma, Diederik P and Ba, Jimmy},
  journal={arXiv preprint arXiv:1412.6980},
  year={2014}
}

@article{scikit2011sklearn,
  title={Scikit-learn: Machine learning in Python},
  author={Pedregosa, Fabian and Varoquaux, Ga{\"e}l and Gramfort, Alexandre and Michel, Vincent and Thirion, Bertrand and Grisel, Olivier and Blondel, Mathieu and Prettenhofer, Peter and Weiss, Ron and Dubourg, Vincent and others},
  journal={the Journal of machine Learning research},
  volume={12},
  pages={2825--2830},
  year={2011},
  publisher={JMLR. org}
}

@misc{tensorflow2015whitepaper,
  title={TensorFlow: Large-scale machine learning on heterogeneous systems},
  author={Abadi, Mart{\'\i}n and Agarwal, Ashish and Barham, Paul and Brevdo, Eugene and Chen, Zhifeng and Citro, Craig and Corrado, Greg S and Davis, Andy and Dean, Jeffrey and Devin, Matthieu and others},
  year={2015},
  note={Software available from tensorflow.org}
}

@article{raschka2020machine,
  title={Machine learning in python: Main developments and technology trends in data science, machine learning, and artificial intelligence},
  author={Raschka, Sebastian and Patterson, Joshua and Nolet, Corey},
  journal={Information},
  volume={11},
  number={4},
  pages={193},
  year={2020},
  publisher={Multidisciplinary Digital Publishing Institute}
}

@article{chollet2015keras,
  title={Keras: Deep learning library for theano and tensorflow},
  author={Chollet, Fran{\c{c}}ois and others},
  journal={URL: https://keras. io/k},
  volume={7},
  number={8},
  year={2015}
}

@article{hunter2007matplotlib,
  title={Matplotlib: A 2D graphics environment},
  author={Hunter, John D},
  journal={Computing in science \& engineering},
  volume={9},
  number={3},
  pages={90--95},
  year={2007},
  publisher={IEEE Computer Society}
}

@article{waskom2021seaborn,
  title={Seaborn: statistical data visualization},
  author={Waskom, Michael L},
  journal={Journal of Open Source Software},
  volume={6},
  number={60},
  pages={3021},
  year={2021}
}

@article{mckinney2010data,
  title={Data structures for statistical computing in python},
  author={McKinney, Wes and others},
  journal={Proceedings of the 9th Python in Science Conference},
  volume={445},
  number={1},
  pages={51--56},
  year={2010},
  organization={Austin, TX}
}

@article{harris2020array,
  title={Array programming with NumPy},
  author={Harris, Charles R and Millman, K Jarrod and Van Der Walt, St{\'e}fan J and Gommers, Ralf and Virtanen, Pauli and Cournapeau, David and Wieser, Eric and Taylor, Julian and Berg, Sebastian and Smith, Nathaniel J and others},
  journal={Nature},
  volume={585},
  number={7825},
  pages={357--362},
  year={2020},
  publisher={Nature Publishing Group}
}

@article{virtanen2020scipy,
  title={SciPy 1.0: fundamental algorithms for scientific computing in Python},
  author={Virtanen, Pauli and Gommers, Ralf and Oliphant, Travis E and Haberland, Matt and Reddy, Tyler and Cournapeau, David and Burovski, Evgeni and Peterson, Pearu and Weckesser, Warren and Bright, Jonathan and others},
  journal={Nature methods},
  volume={17},
  number={3},
  pages={261--272},
  year={2020},
  publisher={Nature Publishing Group}
}